@article{smart:li,
  title={Smart manufacturing standardization: Architectures, reference models and standards framework},
  author={Li, Qing and Tang, Qianlin and Chan, Iotong and Wei, Hailong and Pu, Yudi and Jiang, Hongzhen and Li, Jun and Zhou, Jian},
  journal={Computers in Industry},
  volume={101},
  pages={91--106},
  year={2018},
  publisher={Elsevier}
}

@article{architectures:moghaddam,
  title={Reference architectures for smart manufacturing: A critical review},
  author={Moghaddam, Mohsen and Cadavid, Marissa N and Kenley, C Robert and Deshmukh, Abhijit V},
  journal={Journal of manufacturing systems},
  volume={49},
  pages={215--225},
  year={2018},
  publisher={Elsevier}
}

@article{architecture:nakagawa,
  title={Industry 4.0 reference architectures: State of the art and future trends},
  author={Nakagawa, Elisa Yumi and Antonino, Pablo Oliveira and Schnicke, Frank and Capilla, Rafael and Kuhn, Thomas and Liggesmeyer, Peter},
  journal={Computers \& Industrial Engineering},
  pages={107241},
  year={2021},
  publisher={Elsevier}
}