@book{goodrich:2014,
  title={Data structures and algorithms in Java},
  author={Goodrich, Michael T and Tamassia, Roberto and Goldwasser, Michael H},
  year={2014},
  publisher={John wiley \& sons}
}